@incollection{web20jones2013patterns,
  title={Patterns of collaboration: towards learning mathematics in the era of the semantic web},
  author={Jones, Keith and Geraniou, Eirini and Tiropanis, Thanassis},
  booktitle={Visual mathematics and cyberlearning},
  pages={1--21},
  year={2013},
  publisher={Springer}
}

@article{internetleiner2009brief,
  title={A brief history of the Internet},
  author={Leiner, Barry M and Cerf, Vinton G and Clark, David D and Kahn, Robert E and Kleinrock, Leonard and Lynch, Daniel C and Postel, Jon and Roberts, Larry G and Wolff, Stephen},
  journal={ACM SIGCOMM Computer Communication Review},
  volume={39},
  number={5},
  pages={22--31},
  year={2009},
  publisher={ACM New York, NY, USA}
}

@article{cdmebortolossi2016conteudos,
  title={Conteúdos digitais gratuitos para o ensino e a aprendizagem da Matemática e da Estatística no Ensino Médio (p. 6-9)},
  author={Bortolossi, Humberto José and de Farias, Ana Maria Lima and Kaleff, Ana Maria MR and Pesco, Dirce Uesu and Rezende, Wanderley Moura and Gomes, Anne Michelle Dysman},
  journal={Boletim do LABEM},
  volume={1},
  number={1},
  year={2016}
}

@article{wikivoss2005measuring,
  title={Measuring wikipedia},
  author={Voss, Jakob},
  year={2005}
}

@article{lei2007technology,
  title={Technology uses and student achievement: A longitudinal study},
  author={Lei, Jing and Zhao, Yong},
  journal={Computers \& Education},
  volume={49},
  number={2},
  pages={284--296},
  year={2007},
  publisher={Elsevier}
}

@article{khanthompson2011khan,
  title={How Khan Academy is changing the rules of education},
  author={Thompson, Clive},
  journal={Wired Magazine},
  volume={126},
  pages={1--5},
  year={2011}
}

@article{aulasunigratuitas,
 author = {Claudia Gasparini},
 year = {2015},
 title = {20 cursos online e gratuitos de universidades brasileiras},
 journal = {Exame},
 url = {https://exame.com/carreira/20-cursos-online-e-gratuitos-de-universidades-brasileiras/},
 urldate = {2021-07-08}
}

@Online{deathofjava,
 author = {Oracle Corporation},
 year = {2015},
 title = {Java e o Browser Google Chrome},
 url = {https://www.java.com/pt-BR/download/help/chrome.html},
 urldate = {2021-06-23}
}

@misc{html5-percentage,
 author = {W3Techs - World Wide Web Technology Surveys},
 year = {2021},
 title = {Usage Statistics and Market Share of HTML5 for Websites, June 2021},
 url = {https://w3techs.com/technologies/details/ml-html5},
 urldate = {2021-06-23}
}

@misc{mckimm2006abc,
  title={ABC of Learning and Teaching Web Based Learning. BMJ. v326. p870-873},
  author={McKimm, J and Jolie, C and Cantillon, P},
  year={2006}
}

@article{pena2006students,
  title={Are students ready for a technology-rich world?: What PISA studies tell us},
  author={Pe{\~n}a-L{\'o}pez, Ismael and others},
  year={2006},
  publisher={OECD}
}

@article{bortolossi2012criando,
  title={Criando conteúdos educacionais digitais interativos em matemática e estatística com o uso integrado de tecnologias: GeoGebra, JavaView, HTML, CSS, MathML e JavaScript},
  author={Bortolossi, Humberto José},
  journal={Revista do Instituto GeoGebra Internacional de São Paulo. ISSN 2237-9657},
  volume={1},
  number={1},
  year={2012}
}

@article{rezende2012explorando,
  title={Explorando aspectos dinâmicos no ensino de funções reais com recursos do GeoGebra},
  author={Rezende, Wanderley Moura and Pesco, Dirce Uesu and Bortolossi, Humberto José},
  journal={Revista do Instituto GeoGebra Internacional de São Paulo. ISSN 2237-9657},
  volume={1},
  number={1},
  pages={74--89},
  year={2012}
}

@misc{humberto-sbm,
  title=    {Usando o computador para ensinar e para aprender matemática e estatística: exemplos no ensino médio},
  author=   {Bortolossi, Humberto José},
  booktitle={Simpósio Nacional da Formação do Professor de Matemática de 2013},
  year=     {2013},
  address=  {Brasília, Distrito Federal},
  url = {https://www.sbm.org.br/wp-content/uploads/sites/26/2017/07/Minicurso\_humberto-bortolossi.pdf}
}

@misc{bortolossiaulas,
  title={Aulas de Matemática no Ensino Médio com O Auxílio do Computador: Propostas},
  year={2010},
  author={Bortolossi, Humberto José},
  url = {http://www.mat.ufpb.br/bienalsbm/arquivos/Conferencias/HumbertoBortolossi-Informatica-conf/v-bienal-c.pdf}
}

@article{schroeder1989developing,
  title={Developing understanding in mathematics via problem solving},
  author={Schroeder, Thomas L and Lester, Frank K},
  journal={New directions for elementary school mathematics},
  volume={31},
  pages={42},
  year={1989}
}

@article{bairral2013tic,
  title={As TIC e a licenciatura em matem{\'a}tica: Em defesa de um curr{\'\i}culo focado em processos},
  author={Bairral, Marcelo Almeida},
  journal={Jornal Internacional de Estudos em Educa{\c{c}}{\~a}o Matem{\'a}tica},
  volume={6},
  number={1},
  year={2013}
}

@book{de2020fases,
  title={Fases das tecnologias digitais em Educa{\c{c}}{\~a}o Matem{\'a}tica: sala de aula e internet em movimento},
  author={de Carvalho Borba, Marcelo and da Silva, Ricardo Scucuglia Rodrigues and Gadanidis, George},
  year={2020},
  publisher={Aut{\^e}ntica Editora}
}

@misc{adams1996-1,
    title={Keynote with Douglas Adams},
    publisher={ Microsoft Professional Developers Conference},
    url={https://www.youtube.com/watch?v=8UNG3cQoOEc},
    author={Adams, Douglas},
    year={1996},
    address={San Francisco},
    month={Mar}
}

@proceedings{adams1996,
    title={Keynote with Douglas Adams},
    organization={Microsoft Professional Developers Conference},
    url={https://www.youtube.com/watch?v=8UNG3cQoOEc},
    author={Adams, Douglas},
    conference-year={1996},
    conference-location={San Francisco},
    month={Mar}
}

@article{ editalCDME,
    address={Brasília, Brasil},
    journal={Edital de Seleção Nº1/2007},
    month={30 de set.},
    organization={Brasil},
    title={Chamada Pública para Apoio Financeiro à Produção de Conteúdos Educacionais Digitais Multimídia},
    url={http://portal.mec.gov.br/arquivos/Bk_pde/conted.html},
    urlaccessdate={14 de agosto 2021},
    year={2007}
}

@book{adams2013last,
  title={Last chance to see},
  author={Adams, Douglas and Carwardine, Mark},
  year={2013},
  publisher={Random House}
}

@book{adams2004guia,
  title={O guia do mochileiro das gal{\'a}xias},
  author={Adams, Douglas},
  furtherresp={Tradução de Paulo Fernando, Henriques Britto, e Carlos Irineu da Costa},
  year={2004},
  publisher={Sextante}
}


@misc{cdme-pot,
 author = {Bortolossi, Humberto José},
 year = {2011},
 title = {Projeto Ótimo: Problemas de Otimização},
 url = {http://www.cdme.im-uff.mat.br/pot/pot-html/pot-br.html},
 urldate = {2021-08-18}
}

@article{leicanudos,
    journal={A Tribuna RJ},
    author={Morais, Raquel},
    title={Lei proíbe o uso de canudo de plástico em Niterói},
    month={janeiro},
    year={2021},
    url={https://www.atribunarj.com.br/lei-proibe-o-uso-de-canudo-de-plastico-em-niteroi/},
    urlaccessdate={2021-08-20}
}

@book{van2010gaming,
  title={Gaming and Cognition: Theories and Practice from the Learning Sciences: Theories and Practice from the Learning Sciences},
  author={Van Eck, Richard},
  year={2010},
  publisher={IGI Global}
}